2650 3900
615 211 1292 289 GEORGICON
1349 210 1726 285 L-113.-111.
1978 232 2098 293 ιω

269 366 457 441 Nunc
501 388 747 458 quoque
788 384 926 457 post
973 382 1151 433 tanto
1195 364 1401 433 videat
1443 367 1810 456 desertaque
1856 385 2048 457 regna

266 483 631 566 Pastorum,
673 481 973 574 &donge
1021 483 1206 549 saltus
1247 482 1498 573 lateque
1543 499 1872 550 vacantes.
2003 459 2014 481 ⁸

270 601 407 669 Hic
449 599 749 691 quondam
794 598 1006 664 morbo
1048 598 1187 665 caeli
1233 598 1571 667 miseranda
1614 615 1827 665 coorta
1870 613 1967 663 est

268 713 679 806 Tempestas,
723 732 982 803 totoque
1025 715 1303 782 autumni
1349 713 1666 782 incanduit
1709 731 1905 800 aestu,

272 829 361 901 Et
381 853 570 925 genus
588 852 776 897 omne
792 829 927 896 neci
961 830 1260 918 pecudum
1281 828 1476 911 dedit,
1492 851 1672 896 omne
1682 826 2108 915 ferarum3485

271 946 698 1036 Corrupitque
740 945 940 1030 lacus3
985 940 1201 1010 infecit
1252 943 1470 1035 pabula
1513 945 1691 1026 tabo,

271 1063 410 1135 Nec
452 1062 548 1130 via
601 1061 815 1127 mortis
860 1075 999 1124 erat
1048 1057 1343 1149 simple13
1385 1061 1492 1128 sed
1527 1060 1632 1126 ubi
1657 1061 1840 1151 ignea
1869 1059 2044 1126 venis

274 1177 581 1248 Omnibus
623 1174 752 1241 asta
793 1174 920 1240 sitis
962 1174 1209 1242 miseros
1250 1176 1589 1246 adduxerat
1625 1176 1833 1242 ariust

275 1295 514 1362 Rursus
563 1290 896 1358 abundabat
944 1289 1162 1360 fluidus
1205 1290 1440 1380 liquor:
1484 1292 1809 1381 omniaque
1853 1292 1919 1358 in
1962 1310 2028 1356 se

275 1409 438 1477 Ossa
484 1405 830 1473 minutatim
872 1406 1081 1474 morbo
1120 1405 1395 1496 ‚collapsa
1438 1407 1747 1474 trahebat.
1982 1415 2104 1485 485

276 1526 461 1614 Saepe
505 1524 567 1590 in
598 1522 831 1592 honore
858 1522 1045 1592 defim
1074 1523 1276 1590 medio
1298 1522 1675 1590 stanshostia
1702 1522 1778 1589 ad
1808 1540 1976 1587 aram
1997 1568 2021 1603 ‚

278 1639 492 1707 Lanea
534 1638 679 1706 dum
731 1638 905 1708 nivea
948 1637 1362 1708 circumdatur
1402 1637 1592 1708 infula
1642 1639 1837 1719 vitta,

282 1756 463 1826 Inter
506 1754 854 1822 constantes
894 1756 1119 1826 cecidit
1158 1756 1517 1824 moribunda
1564 1755 1909 1821 ministros.

284 1869 423 1938 Aut
468 1872 518 1937 si
561 1887 743 1961 quam
782 1868 948 1938 ferro
996 1871 1365 1944 mactaverat
1409 1888 1556 1940 ante
1599 1868 1913 1950 sacerdos,

290 1987 446 2056 Inde
490 2009 690 2077 neque
735 1988 1031 2077 impositis
1072 1989 1291 2059 ardent
1336 1990 1553 2057 altaria
1597 1988 1804 2074 fibris3
1978 2008 2104 2062 ⁴90

283 2101 420 2173 Nec
463 2124 748 2193 responsa
791 2121 996 2193 potest
1038 2106 1351 2173 consultus
1393 2105 1655 2175 reddere
1686 2121 1886 2170 vates:

285 2215 389 2286 Ac
434 2219 535 2285 vix
583 2218 876 2307 suppositi
919 2196 1250 2311 tinguntur
1290 2223 1590 2311 sanguine
1633 2219 1865 2301 cultri,

285 2334 657 2427 Summaque
699 2334 901 2413 jejuna
944 2335 1110 2401 sanie
1153 2331 1494 2402 infuscatur
1537 2356 1758 2401 arena.

287 2450 465 2517 Hinc
509 2450 670 2516 laetis
717 2448 895 2516 vituli
940 2448 1126 2541 vulgo
1169 2450 1516 2517 moriuntur
1556 2448 1888 2531 inberbis,

287 2563 375 2631 Et
416 2566 625 2633 dulces
666 2565 894 2631 animas
936 2563 1119 2653 plena
1177 2565 1251 2632 ad
1284 2567 1584 2656 praesepia
1626 2564 1927 2631 reddunt.
1992 2586 2115 2643 495

290 2668 469 2747 Hinc
488 2682 732 2751 canibus
758 2680 991 2748 blandis
1019 2680 1210 2749 rabies
1229 2682 1400 2749 venit
1416 2730 1438 2764 ,
1481 2680 1549 2748 ἀ
1577 2680 1780 2770 quatit
1808 2699 2010 2771 aegros
2117 2656 2128 2665 ⁵

289 2789 503 2860 Tussis
542 2796 760 2865 anhela
804 2819 974 2880 sues,
1018 2819 1092 2865 ac
1142 2794 1408 2867 faucibus
1451 2798 1626 2890 angit
1673 2795 1899 2863 obesis.

296 2970 393 3029 481
433 2972 775 3096 corrfmtque
808 2980 1042 3047 quinque
1075 2994 1159 3045 ap.
1198 2980 1381 3031 Heius.
1419 2983 1468 3031 ἀ
1492 2974 1774 3030 numano
1788 2974 2129 3031 Mart-Goth.

366 3059 437 3111 pr.
452 3042 531 3099 Ed
568 3082 581 3098 .
619 3062 730 3101 ant·
764 3050 1009 3103 aberratio
1042 3049 1334 3105 sollemnis.
1411 3050 1501 3120 (48
1513 3069 1534 3111 3
1577 3045 1745 3104 auda
1778 3047 1939 3103 Parth.
1966 3043 2133 3103 abdu-

360 3126 521 3169 xerat,
546 3114 740 3186 aliquot
772 3136 853 3184 ap.
887 3122 1055 3175 Βιπιη.
1089 3139 1202 3176 cum
1238 3122 1363 3177 Edd.
1379 3121 1497 3175 Ald.
1512 3124 1655 3189 Junt.
1670 3121 1834 3176 Goth·
1847 3139 1948 3176 sec.
1974 3119 2130 3176 etiam

363 3187 638 3259 Philargyr.
674 3190 763 3259 qui
796 3194 1045 3260 explicat,
1079 3206 1448 3250 contraxerat.
1518 3193 1646 3321 5486
1683 3194 1868 3251 media
1904 3201 2036 3248 ven.

294 3263 395 3319 487
430 3257 575 3316 linea
611 3262 739 3315 Edd·
776 3262 957 3331 quibus
992 3266 1176 3319 Pierius
1213 3266 1481 3321 utebatur=
1544 3282 1712 3321 aurea
1726 3266 1837 3321 aliz
1855 3265 2132 3318 Edd.vett.

297 3334 395 3389 488
434 3331 711 3409 magistros
749 3340 903 3391 Rom·
935 3337 1023 3390 sed
1058 3335 1300 3395 ministri
1332 3353 1457 3394 suut
1492 3354 1669 3408 pope,
1702 3353 1759 3392 ut
1792 3339 1900 3401 jam
1928 3336 2015 3397 alii
2047 3335 2137 3389 do·

363 3420 544 3459 cuere.
