2650 3900
699 252 1362 327 GEORGICON
1418 254 1613 339 [ΑΒ.
1670 254 1728 325 Ι.
2025 285 2142 339 109

309 408 450 500 Ipse
491 421 670 498 pater
709 406 966 489 statuit,
1010 406 1154 496 quid
1201 423 1515 474 ¹menstrua
1560 407 1705 473 luna
1748 425 2072 479 moneret:

308 525 458 616 Qo
500 524 673 615 signo
713 525 1006 590 caderent
1049 523 1270 591 austri:
1315 523 1458 611 quid
1501 544 1666 613 saepe
1712 522 1988 590 videntes

308 639 631 731 Agricolae
655 688 676 722 ,
719 639 966 731 propius
1010 637 1255 705 stabulis
1291 656 1573 704 armenta
1618 656 1943 709 tenerent,
2017 665 2140 721 355

311 755 632 824 Continuo
678 755 878 823 ventis
920 754 1343 846 surgentibus,
1385 772 1491 820 aut
1534 751 1694 821 freta
1737 757 1916 844 ponti

309 852 628 961 Incipiunt
665 872 898 963 agitata
940 885 1316 950 tumescere,
1366 868 1435 937 &
1476 871 1679 936 aridus
1721 869 1861 936 altis
1956 924 1961 933 .

311 986 637 1054 Montibus
676 985 874 1053 audiri
915 981 1157 1077 fragor:
1201 1003 1307 1051 aut
1340 986 1687 1052 resonantia
1730 986 1919 1077 longe

308 1100 562 1170 Littora
594 1103 868 1183 misceri,
914 1098 1318 1167 &nemorum
1346 1100 1763 1168 increbescere
1791 1123 2103 1169 murmur.

312 1217 444 1304 Jatn
489 1217 597 1282 sibi
631 1216 989 1306 tumcurvis
1019 1217 1178 1282 male
1201 1232 1520 1305 temperat
1554 1216 1711 1283 unda
1736 1217 1979 1299 carinis,
2015 1233 2142 1297 360

309 1333 523 1424 Qum
567 1332 769 1399 medio
812 1331 1046 1399 celeres
1091 1330 1374 1398 revolant
1424 1353 1501 1397 ex
1543 1353 1793 1422 aequore
1835 1333 2074 1424 mergi,

316 1448 802 1537 Clamoremque
844 1444 1054 1513 ferunt
1096 1446 1171 1512 ad
1217 1446 1470 1515 littora:
1514 1469 1823 1538 quumque
1851 1447 2104 1515 marinae

311 1560 389 1629 ln
433 1563 600 1635 sicco!
634 1563 852 1632 ludunt
895 1559 1136 1630 fulicae:
1182 1580 1481 1653 notasque
1526 1563 1778 1654 paludes
2008 1554 2011 1559 ’

310 1677 607 1763 Deserit,
653 1665 842 1769 at'que
887 1679 1078 1745 altam
1120 1696 1301 1769 supra
1348 1678 1519 1746 volat
1560 1679 1744 1746 ardea
1774 1681 2029 1745 nubem.

400 1792 579 1885 Saepe
609 1795 796 1863 etiam
822 1794 1070 1877 stellas,
1101 1810 1288 1863 vento
1309 1794 1991 1885 impendente,videbis
2012 1808 2132 1877 3⁶5

311 1910 674 2003 Praecipites
715 1913 870 1980 caelo
914 1911 1070 1994 labi,
1116 1910 1424 2002 noctisque
1468 1933 1581 2003 per
1629 1913 1904 1979 umbram
2135 1900 2138 1908 ’

313 2029 726 2096 Flammarum
768 2029 985 2118 longos
1028 2050 1064 2094 a
1109 2045 1292 2119 tergo
1342 2028 1650 2096 albescere
1694 2028 1954 2100 tractus:

311 2144 493 2234 Sape
541 2145 741 2210 levem
785 2144 1019 2234 paleam
1063 2142 1132 2211 &
1175 2140 1422 2210 frondes
1468 2145 1730 2211 volitare
1773 2145 2067 2231 caducas,

309 2259 452 2328 Aut
494 2279 744 2324 summa·
769 2274 986 2323 nantes
1027 2258 1092 2324 in
1132 2280 1287 2347 aqua
1334 2258 1647 2325 colludere
1688 2257 1955 2348 plumas.

310 2374 641 2444 AtBoreae
671 2373 748 2440 de
762 2389 940 2463 parte
955 2373 1140 2439 trucis
1155 2394 1341 2462 quum
1358 2370 1680 2456 fulminat,
1707 2372 1973 2464 &quum
2022 2399 2146 2457 370

309 2490 586 2580 Eurique
633 2488 1035 2579 Zephyrique
1078 2504 1256 2555 tonat
1300 2490 1512 2556 domus
1529 2513 1557 2575 3,
1590 2489 1793 2556 omnia
1835 2491 2035 2580 plenis

310 2605 485 2675 Rura
528 2623 744 2674 natant
786 2602 988 2688 fossis,
1043 2621 1233 2697 atque
1273 2605 1470 2672 omnis
1512 2604 1716 2671 navita
1760 2621 1953 2695 ponto

314 2807 410 2854 353
455 2804 686 2849 moveret
722 2795 900 2849 Franc.
938 2792 1111 2848 Parrh-
1150 2790 1320 2846 Mead.
1357 2801 1406 2848 et
1456 2790 1525 2847 ai.
1633 2791 1682 2867 (3
1701 2805 1762 2852 54
1812 2787 1952 2864 quod
1994 2792 2146 2847 multi

381 2865 554 2933 scripti
587 2874 636 2919 &t
673 2867 892 2936 impressi
929 2882 1011 2935 ap·
1048 2867 1171 2919 Pier-
1207 2863 1379 2919 Burin.
1417 2861 1471 2918 δι’
1499 2864 1703 2918 Martin-
1778 2863 1834 2937 (3
1852 2880 1910 2924 57
1946 2862 2149 2922 ardum·

381 2934 477 2990 Ed·
514 2939 640 2990 Ven.
678 2947 723 2992 ez
763 2943 1062 2994 Romanus.
1098 2938 1263 2992 Male.
1334 2937 1386 3013 (3
1400 2948 1466 2992 6ο
1500 2955 1538 2990 a
1571 2952 1616 2990 c·
1652 2939 1796 2990 Pierii
1829 2941 1983 2992 Rom.
2010 2951 2150 2991 uter-

379 3024 480 3077 que
528 3009 759 3063 Meniell.
808 3013 951 3067 Voss.
1002 3019 1051 3067 ει
1087 3016 1221 3081 Reg·
1265 3013 1393 3080 Iam
1442 3027 1498 3065 se
1531 3010 1694 3065 Goth.
1741 3027 1842 3063 sec·
1881 3012 2007 3079 Iam
2041 3006 2153 3067 tibi

379 3082 602 3135 Guietus
637 3089 682 3135 ec
720 3082 1021 3138 Gebhardtts
1051 3084 1479 3138 emendaverant.
1554 3081 1688 3155 (364
1725 3080 1920 3139 Altum
1948 3080 2153 3140 volitat

380 3163 530 3228 super
566 3152 838 3207 zulichem·
872 3153 1051 3210 altum
1083 3168 1232 3230 supet·
1265 3154 1453 3210 avolat
1488 3159 1680 3209 Moret.
1718 3168 1881 3225 quart·
1932 3163 1981 3208 dc
2017 3159 2148 3209 Ura·

309 3251 320 3264 ·
376 3226 551 3281 tislav.
589 3223 880 3297 supervolat
913 3228 1089 3281 Parth.
1128 3228 1261 3280 unde
1294 3228 1471 3280 Burm·
1505 3229 1639 3291 conj.
1673 3239 1822 3301 supet·
1851 3224 2058 3281 evolat.
2128 3246 2141 3284 ε

309 3310 413 3363 265
452 3294 753 3369 impellente
786 3298 958 3350 Parth.
997 3298 1094 3351 Ed.
1131 3297 1336 3351 Mediol.
1373 3315 1507 3351 unus
1523 3299 1690 3353 Mead.
1762 3301 1893 3371 (366
1926 3309 2150 3371 perum-

317 3389 324 3404 =
377 3367 498 3425 brar
536 3368 730 3436 phires·
799 3368 931 3441 (367
972 3367 1244 3425 involvere
1278 3381 1324 3424 t.
1364 3371 1583 3425 Macmb.
1621 3370 1782 3426 male.
1858 3371 1984 3441 (369
2020 3365 2147 3422 mol-

376 3437 453 3496 les
489 3458 583 3509 pro
617 3452 811 3496 nantes·
845 3441 985 3496 Leid.
1022 3461 1093 3515 pr.
1126 3439 1383 3499 collidens
1403 3442 1539 3498 '1¹011.
1568 3440 1779 3518 palmas
1812 3441 1973 3496 Goth.
2008 3458 2087 3513 pr.

464 3526 539 3593 P.
553 3529 610 3594 V
604 3528 628 3594 i
634 3525 771 3615 rgil.
788 3533 858 3593 T.
877 3533 929 3594 1.
1510 3524 1569 3596 N
