2650 3900
696 239 833 310 IN
926 234 1764 313 GEORGICA.
2056 255 2138 319 89

309 411 523 461 earum
553 411 763 459 rerum
784 393 1104 477 vestigium
1130 391 1381 477 aliquod
1402 391 1864 479 deprehendas?
1884 394 2010 460 sed
2028 409 2144 482 po-

305 525 429 581 test
480 504 615 589 hic,
659 507 823 592 quod
846 509 982 590 jam
1027 509 1311 589 BentleJ’o
1355 512 1559 576 visum
1601 526 1730 590 est,
1802 508 2144 595 interpola-

306 627 437 693 trix
483 643 700 690 manus
737 638 1029 710 grassata
1051 644 1181 689 esse
1222 625 1431 690 videri
1443 645 1468 706 ,·
1517 625 1584 689 id
1607 644 1809 689 tamen
1840 644 1974 690 cum
1989 645 2146 712 aegre

306 723 756 809 admittendum
800 739 890 805 sit
916 786 938 819 ‚
994 740 1215 805 videor
1268 738 1419 806 mibi
1463 739 1783 804 Manilium
1828 743 2148 826 Propertii

308 858 659 925 imitatione
701 851 1006 937 ulterius,
1052 876 1238 940 quam
1280 854 1504 937 vellet,
1545 854 1808 922 eveelum
1852 876 2151 922 excusare

303 987 485 1065 posse
523 1020 542 1038 .
615 975 925 1057 Lynceum
970 972 1360 1047 isffamicum
1401 992 1581 1038 suum
1620 1019 1645 1052 ,
1708 986 1951 1057 poetam
1997 992 2150 1059 gra-

241 1128 245 1133 ·
310 1092 501 1159 viora
545 1101 913 1175 argumenta
955 1084 1231 1152 tradare
1272 1074 1579 1167 solitum,'
1604 1107 1813 1153 amore
1858 1089 1997 1170 jam
2045 1092 2151 1153 cai·

305 1218 486 1294 ptum
525 1196 797 1287 exagitat
827 1247 849 1280 ‚
893 1197 980 1273 (910
1021 1200 1107 1265 ad
1143 1201 1338 1287 elegos
1379 1205 1720 1268 amatorios
1763 1201 2153 1268 adhaesurum

319 1339 444 1387 esse
484 1330 827 1402 auguratur
843 1360 861 1378 .
907 1314 1047 1379 Nec
1090 1331 1295 1382 tamen
1339 1335 1474 1381 eam
1518 1337 1653 1382 rem
1699 1333 1769 1381 ut
1792 1316 2016 1403 pudori
2058 1320 2150 1383 si·-

320 1432 383 1500 ὀὶ
426 1433 648 1511 ducat,
704 1444 813 1494 aut
858 1445 927 1496 ut
968 1426 1097 1509 haee
1136 1436 1421 1497 carmina
1463 1434 1767 1498 minorem
1822 1436 1987 1500 inter
2032 1435 2154 1499 Ro-

320 1567 535 1615 manos
578 1542 867 1612 habitura
919 1567 1051 1612 esse
1085 1551 1362 1634 gratiam
1417 1550 1730 1614 existimet
1775 1594 1799 1628 ‚
1884 1562 2090 1616 monet
2129 1570 2156 1613 .-

321 1665 466 1732 dum
509 1659 789 1728 Bucolica
827 1659 1052 1728 scribat
1071 1710 1093 1744 ‚
1162 1663 1307 1729 dum
1346 1664 1595 1731 Hesiodi
1633 1661 1902 1752 exemplo
1959 1664 2032 1730 de
2082 1683 2154 1729 re
2304 1679 2355 1691 f

327 1781 561 1847 rustica
613 1797 858 1843 carmen
900 1777 1119 1843 condat
1148 1826 1170 1861 ,
1237 1800 1360 1844 non
1405 1795 1611 1845 tamen
1656 1778 1788 1846 haec
1820 1829 1842 1862 ‚
1909 1800 2042 1865 quae
2085 1776 2159 1846 de

326 1916 538 1962 amore
580 1894 931 1980 scripturus
971 1895 1101 1979 sit,
1144 1893 1257 1961 ulli
1302 1895 1551 1963 venient
1593 1895 1834 1988 ingrata
1879 1892 2158 1988 legenti,

327 2010 472 2079 Sive
529 2009 589 2076 in
634 2029 845 2076 amore
888 2009 1054 2076 ru‘dis
1114 2011 1242 2079 slve
1301 2012 1534 2101 peritus
1592 2012 1714 2080 erit
1740 2061 1762 2081 .
1844 2019 2161 2082 Luserant

331 2127 533 2193 eadem
552 2171 573 2206 ‚
608 2127 815 2211 pergit
836 2172 858 2206 ‚
901 2124 1038 2192 alii.
1090 2135 1252 2195 Dum
1296 2129 1622 2195 Hesiodum
1664 2147 1967 2198 memorat
1987 2177 2009 2211 ‚
2054 2125 2163 2193 Tu

329 2240 496 2308 canis
526 2288 548 2322 ,
632 2242 835 2324 inquit
859 2286 881 2319 ,
964 2236 1205 2308 Ascraei
1256 2244 1485 2310 veteris
1526 2262 1840 2334 praecepta
1885 2261 2091 2333 poetae
2140 2290 2166 2325 ,

332 2357 482 2448 Quo
524 2371 698 2444 seges
747 2353 811 2417 in
856 2374 1073 2444 campo
1103 2404 1124 2438 ,
1184 2378 1303 2446 quo
1350 2357 1507 2425 viret
1551 2381 1667 2426 uva
1712 2363 1861 2452 jugo
1903 2407 1921 2425 .
1991 2359 2170 2426 Vides

334 2471 603 2559 exemplo
618 2470 870 2536 Hesiodi
912 2474 1046 2537 cani
1077 2461 1195 2538 dici
1211 2519 1237 2555 ‚
1277 2494 1395 2540 non
1436 2473 1514 2539 ab
1556 2478 1688 2563 ipso
1716 2475 2017 2558 Hesiodo,·
2057 2490 2171 2560 po·-
2286 2508 2325 2539 ς

337 2592 458 2656 tuit
500 2605 584 2654 ea·
615 2601 824 2651 tamen
863 2578 1162 2654 Manilius
1204 2585 1293 2653 ad
1307 2570 1635 2656 fiesiodum
1676 2593 1880 2676 ipsum
1912 2588 2167 2676 reftrre,

313 2721 524 2789 atque
561 2705 751 2768 etiam
782 2748 804 2782 ,
890 2721 1027 2772 cum
1072 2706 1135 2771 in
1178 2704 1351 2770 laude
1387 2719 1576 2791 poetae
1621 2722 1985 2772 versaretur
2015 2753 2037 2788 ,
2106 2726 2176 2772 eo

341 2818 594 2900 adduci,
652 2835 724 2883 ut
764 2822 1062 2906 copiosius
1102 2815 1190 2896 ds·
1229 2824 1512 2888 ornatius
1531 2868 1556 2905 ,
1610 2841 1682 2889 ac
1720 2842 1825 2889 res
1853 2820 2101 2913 ferebat
2147 2868 2172 2904 ‚

343 2933 622 3018 efferret.
653 2948 664 2958 ·
2144 2919 2155 2940 ’

319 3093 352 3108 -.
459 3048 765 3115 Nostram
808 3069 1010 3120 autem
1052 3057 1631 3145 interpretationem
1670 3051 1795 3124 ἀς.

347 3428 408 3505 ι)
445 3432 675 3501 Propert-
710 3430 796 3490 lib.
836 3432 917 3499 11,
953 3433 1095 3506 Eleg.
1125 3450 1262 3493 extr.
1298 3447 1479 3492 versus
1512 3432 1698 3494 finem.
