2650 3900
542 174 673 221 τοο
1075 146 1313 218 ΡΠΒ.
1370 147 1874 222 VIRGILII

541 301 890 380 Observans
937 299 1079 365 nido
1120 298 1447 388 implumes
1492 298 1797 368 detraxit:
1841 314 1913 366 at
1955 293 2060 364 illa

539 417 686 485 Flet
734 416 1005 498 noclem,
1050 431 1345 504 ramoque
1387 416 1601 481 sedens
1645 414 1983 482 miserabile
2025 436 2284 483 carmen

536 531 863 625 Integrat‚
906 530 974 600 &r
1024 530 1260 599 moestis
1286 531 1431 595 =late
1474 530 1607 596 loca
1647 530 2230 619 questibusimplet.
2267 557 2410 615 515

534 647 723 717 Nulla
783 648 1041 728 Venus,
1088 646 1337 712 nonulli
1385 647 1653 713 animum
1698 646 1932 714 flexere
1974 646 2328 726 hymenaei.

533 763 712 833 Solus
757 759 1198 850 Hyperboreas
1242 762 1508 854 glacies,
1555 739 1946 851 Tanaimque
1992 763 2314 849 nivalem,

531 874 829 968 Arvaque
873 877 1151 969 Rhipaeis
1197 901 1502 968 nunquam
1551 878 1792 946 viduata
1837 878 2067 967 pruinis

529 990 898 1078 Lustrabat,
952 995 1188 1084 raptam
1235 992 1584 1072 Eurydicen
1610 1043 1631 1076 ‚
1674 1003 1860 1084 atque
1904 994 2078 1060 irrita
2124 993 2307 1061 Ditis

528 1109 715 1178 Dona
744 1133 1004 1203 querens
1025 1161 1041 1177 .
1074 1109 1314 1199 Spretae
1331 1107 1639 1177 Ciconum
1664 1134 1786 1201 quo
1812 1132 2064 1176 munere
2089 1128 2336 1180 matres
2355 1166 2380 1198 ,

525 1224 708 1294 Inter
748 1250 915 1295 sacra
960 1225 1172 1294 Deum
1198 1274 1217 1307 ,
1264 1225 1661 1316 noflurnique
1705 1226 1876 1317 orgia
1925 1225 2204 1310 Bacchi,

522 1343 938 1435 Discerptum·
971 1343 1127 1410 latos
1168 1346 1455 1424 juvenem
1499 1364 1774 1433 sparsere
1819 1363 1931 1430 per
1971 1364 2153 1432 agros
2177 1390 2200 1409 .

478 1443 485 1452 ’
523 1456 693 1526 Tum
743 1481 986 1550 quoque
1030 1481 1367 1525 marmorea
1409 1475 1596 1548 caput
1638 1482 1673 1524 a
1716 1461 1959 1523 cervice
2021 1459 2400 1546 revulsum,

520 1576 797 1669 Gurgite
836 1596 1024 1665 quum
1069 1576 1273 1641 medio
1312 1588 1578 1664 portans.
1612 1573 1895 1666 OEagrius
1940 1572 2194 1641 Hebrus
2351 1641 2358 1646 ,

521 1690 836 1762 Volveret
860 1742 880 1774 ,
909 1691 1260 1773 Eurydicen
1308 1714 1426 1756 vox
1474 1691 1600 1778 ipsa
1622 1688 1690 1758 8(
1712 1687 1931 1780 frigida
1957 1689 2163 1780 lingua
2182 1738 2205 1772 ,
2237 1717 2318 1770 5²
2336 1718 2380 1774 5

518 1802 627 1874 Ab
674 1809 950 1875 miseram
997 1807 1376 1888 Eurydicen!
1424 1806 1623 1874 anima
1665 1803 1944 1897 fugiente
1991 1806 2282 1896 vocabat:

516 1922 865 2004 Eurydicen
911 1940 1050 1990 toto
1090 1920 1439 1990 referebant
1485 1922 1735 1991 flumine
1781 1922 1966 2011 ripae'·
2075 2008 2080 2017 ff

629 2037 1114 2120 HaecProteus,
1159 2036 1228 2104 &
1272 2060 1338 2105 se
1381 2037 1532 2120 jaClu
1560 2040 1744 2105 ‘dedit
1769 2059 1980 2126 aequor
2020 2038 2082 2104 in
2127 2038 2376 2108 altum.

511 2155 779 2247 Qaque
824 2154 1035 2237 dedit,
1081 2172 1467 2243 spumantem
1512 2156 1734 2222 undam
1765 2155 1866 2218 sub
1884 2154 2116 2220 vertice
2141 2157 2372 2225 torsit.

511 2271 608 2338 At
656 2295 778 2338 non
795 2267 1083 2351 Cyrene:
1130 2293 1393 2362 namque
1415 2267 1795 2353 ultroadfata
1829 2270 2189 2337 timentem:
2227 2296 2372 2351 530

509 2386 901 2471 Nate,.licet
947 2387 1157 2454 tristes
1200 2388 1403 2454 animo
1444 2388 1757 2477 deponere
1804 2407 2010 2452 curas.

506 2506 679 2574 Haec
721 2503 920 2570 omnis
946 2504 1392 2571 morbicaussa:
1437 2501 1578 2570 hinc
1624 2501 1957 2569 miserabile
2006 2501 2362 2593 Nymphae,

502 2621 669 2690 Cum
715 2622 926 2711 quibus
965 2619 1069 2686 illa
1111 2621 1330 2687 choros
1374 2619 1530 2685 lucis
1577 2617 1846 2710 agitabat
1888 2617 1951 2682 in
1997 2618 2139 2686 altis
2166 2667 2189 2702 ,

513 2860 603 2905 515
643 2862 718 2900 m.
756 2841 795 2899 l.
825 2843 1062 2919 proxima
1095 2862 1144 2914 q.
1179 2841 1360 2913 stagm.
1398 2844 1575 2895 Moret-
1647 2839 1774 2910 (51⁶
1811 2836 1958 2896 nulli
1988 2838 2070 2893 vel
2101 2836 2354 2914 nullique

573 2916 764 2986 vulgo.
840 2917 865 2987 (
878 2920 968 2977 518
1012 2913 1236 2989 Riphaeis·
1273 2915 1427 2968 multi
1460 2913 1718 2968 scribunt·
1792 2914 1920 2986 (520
1956 2923 2116 2986 spreto
2148 2912 2350 2982 aliquot

504 2996 511 3005 “
570 2989 770 3056 antiqui
804 3005 889 3055 ap.
925 2989 1136 3040 Pierium
1172 3004 1289 3039 cum
1328 2986 1514 3038 Bodlei.
1561 2995 1607 3039 ἀ
1659 2984 1918 3038 nonnullis
1952 2986 2085 3040 Edd.
2118 2982 2354 3041 numine

450 3070 457 3082 ·
502 3070 509 3075 '
570 3066 670 3113 sec.
707 3060 889 3113 Morer.
928 3077 1026 3112 sec.
1065 3059 1317 3112 Rottend.
1358 3075 1473 3110 cum
1510 3071 1630 3110 tert.
1668 3067 1714 3111 dc
1752 3061 1880 3112 Ven.
1913 3076 2033 3111 cum
2070 3057 2351 3112 Parthae-

568 3129 855 3204 Hurnoque
888 3131 1034 3198 pauci
1069 3147 1188 3182 curn
1228 3129 1361 3182 Edd.
1436 3133 1562 3202 (52³
1608 3127 2090 3204 repulsumsMenag.
2118 3128 2350 3185 recisum

496 3214 503 3221 ‘
566 3203 774 3260 Uratisl.
848 3201 981 3278 (529
1022 3201 1214 3256 vertice
1248 3202 1382 3255 Edd.
1420 3202 1706 3271 nonnullae·
1806 3203 1931 3274 (531
1970 3213 2266 3275 componere
2298 3219 2347 3255 c.

494 3286 501 3293 '
568 3278 803 3333 Medic-a
833 3292 993 3344 m.pr.
1023 3291 1087 3331 ut
1123 3276 1356 3344 AEn.lV,
1387 3291 1512 3337 340,
1552 3293 1673 3336 341.
1709 3270 1964 3346 depellere
1995 3292 2132 3327 unus
2165 3275 2343 3329 Mead.

505 3364 595 3414 533
638 3348 795 3411 silvis·
829 3367 916 3419 pro
951 3345 1085 3408 lucis
1121 3347 1306 3418 fragm.
1348 3351 1532 3403 Moret.
1568 3344 1799 3403 dis-what
1815 3351 1956 3402 Voss·
1972 3363 2057 3413 pro
2080 3343 2313 3405 ducebat
2326 3382 2345 3398 .
