2650 3900
692 228 831 300 IN
924 222 1760 302 GEORGICA.
2054 245 2136 308 89

305 401 521 451 earum
548 400 760 447 rerum
780 382 1101 466 vestigium
1127 380 1378 466 aliquod
1399 380 1861 468 deprehendas?
1882 382 2009 450 sed
2024 398 2141 470 po·

301 515 425 566 test
477 494 613 579 hic,
656 494 820 582 quod
842 497 979 580 jam
1024 497 1307 579 Bentlejo
1352 501 1556 565 visum
1598 515 1727 579 est,
1799 498 2141 585 interpola-

301 617 434 681 trix
480 632 697 679 manus
733 627 1026 700 grassata
1048 633 1178 678 esse
1219 614 1427 679 videri
1441 635 1465 696 ‚·
1515 615 1581 679 id
1604 633 1806 678 tamen
1837 633 1971 681 cum
1986 634 2143 701 aegre

301 712 753 797 admittendum
797 729 888 797 sit
913 774 935 808 ,
992 730 1213 795 videor
1265 728 1416 795 mibi
1438 729 1780 794 ,Manilium
1825 732 2145 815 Propertii

306 847 656 915 imitatione
697 840 1003 926 ulterius,
1048 865 1234 929 quam
1277 844 1501 926 vellet,
1542 843 1806 911 evellam
1849 865 2148 912 excusare

300 977 482 1050 posse
520 1010 538 1027 .
612 965 923 1047 Lynceum
966 961 1072 1043 ἰεῦ
1093 952 1357 1027 amicum
1398 981 1578 1027 suum
1617 1008 1639 1042 ,
1704 975 1948 1047 poetam
1994 982 2147 1049 gra-

237 1119 242 1123 ·
307 1081 498 1149 ‘viora
542 1089 910 1165 argumenpa
952 1073 1228 1142 traHare
1269 1077 1557 1156 solitum,
1602 1097 1810 1143 amore
1855 1078 1994 1159 jam
2042 1080 2148 1143 cai-

303 1209 483 1283 ptum
522 1187 794 1277 exagitat
823 1236 845 1270 ,
890 1187 976 1263 (9⁸
1019 1189 1103 1254 ad
1139 1190 1335 1277 elegos
1377 1195 1718 1257 amatorios
1760 1190 2150 1257 adbaesurum

315 1328 441 1377 esse
481 1319 857 1392 auguratur.
904 1304 1044 1369 Nec
1087 1321 1294 1371 tamen
1335 1325 1470 1371 eam
1515 1326 1651 1371 rem
1696 1322 1767 1371 ut
1791 1306 2014 1393 pudori
2055 1310 2146 1373 si-

318 1422 380 1490 bi
423 1420 644 1501 ducat,
701 1434 810 1484 aut
855 1435 924 1486 ut
965 1416 1093 1499 ᾗσι·
1134 1425 1418 1487 carmina
1460 1425 1765 1488 minorem
1820 1425 1983 1489 inter
2030 1424 2151 1488 Ro-

316 1557 533 1605 manos
575 1532 862 1602 habitura
916 1557 1048 1601 esse
1082 1540 1358 1624 gratiam
1414 1539 1728 1604 existimet
1774 1584 1797 1619 ,
1883 1552 2086 1602 monet
2126 1559 2154 1602 .-

319 1654 463 1722 dum
507 1649 784 1718 Bucolica
825 1648 1050 1718 scribat
1068 1699 1090 1733 ‚
1122 1740 1125 1745 ᾗ
1160 1652 1304 1720 dum
1342 1653 1591 1720 Hesiodi
1630 1651 1900 1741 exemplo
1956 1652 2029 1719 de
2080 1672 2152 1719 re

323 1770 558 1836 rustica
611 1784 855 1833 carmen
895 1768 1116 1833 condat
1144 1816 1167 1851 ‚
1234 1790 1357 1834 non
1401 1785 1608 1835 tamen
1651 1767 1785 1835 haec
1817 1817 1839 1851 ,
1906 1789 2039 1855 quae
2082 1766 2156 1835 de

322 1905 534 1952 amore
577 1884 927 1970 scripturus
968 1885 1098 1969 sit,
1141 1883 1255 1950 ulli
1298 1885 1547 1954 venient
1589 1884 1831 1977 ingrata
1877 1882 2155 1977 legenti,

324 1999 469 2068 Sive
525 1999 588 2064 in
631 2019 842 2066 amore
884 1999 1051 2066 ru'dis
1111 2000 1239 2069 sive
1298 2001 1531 2091 peritus
1589 2002 1711 2069 erit
1738 2050 1759 2069 .
1841 2008 2158 2072 Luserant

326 2118 530 2183 eadem
549 2159 571 2195 ‚
606 2116 812 2202 pergit
832 2161 854 2194 ,
898 2113 1035 2182 alii.
1087 2124 1250 2184 Dum
1292 2119 1621 2185 Hesiodum
1661 2136 1964 2187 memorat
1984 2166 2006 2201 ,
2051 2113 2160 2183 Tu

327 2229 493 2298 canis
523 2278 545 2312 ‚
629 2231 832 2313 inquit
856 2275 878 2308 ‚
961 2226 1201 2298 Ascraei
1252 2233 1482 2300 veteris
1523 2251 1838 2323 praecepta
1883 2250 2089 2323 poetae
2137 2280 2164 2314 ,

328 2347 479 2437 Qu
521 2361 695 2433 seges
744 2343 807 2407 in
853 2364 1070 2433 campo
1099 2394 1121 2428 ,
1181 2367 1300 2436 quo
1345 2347 1503 2415 viret
1548 2370 1665 2415 uva
1710 2352 1859 2441 jugo
1901 2396 1919 2413 .
1989 2348 2167 2416 Vides

331 2461 600 2549 exemplo
614 2459 867 2526 Hesiodi
907 2464 1043 2527 cani
1075 2451 1234 2545 dici,
1274 2484 1390 2530 non
1432 2463 1511 2529 ab
1553 2468 1685 2552 ipso
1716 2465 2014 2547 Hesiod03
2054 2453 2168 2549 p'o-

334 2583 455 2645 tuit
497 2595 582 2644 ea·
612 2591 820 2641 tamen
860 2569 1159 2644 Manilius
1200 2578 1290 2643 ad
1304 2560 1632 2646 fiesiodum
1672 2583 1878 2667 ipsum
1909 2576 2165 2665 referre,

311 2711 521 2779 -atque
559 2691 748 2758 etiam
779 2738 802 2773 ,
887 2713 1024 2762 cum
1068 2696 1132 2759 in
1175 2694 1348 2760 laude
1385 2710 1573 2781 poetae
1618 2712 1981 2762 versaretur
2012 2742 2034 2779 ‚
2103 2715 2174 2761 eo

340 2807 592 2890 adduci,
650 2823 719 2873 ut
761 2812 1058 2896 copiosius
1099 2805 1187 2885 ἰν
1225 2814 1509 2877 ornatius
1528 2857 1554 2895 ,
1607 2831 1680 2879 ac
1718 2831 1822 2878 res
1851 2809 2099 2902 ferebat
2144 2859 2169 2893 ,

341 2923 619 3007 efferret.
650 2937 660 2948 ·
1640 2927 1645 2940 '
2142 2915 2151 2926 “

317 3083 350 3098 -.
457 3038 763 3105 Nostram
805 3059 1007 3110 autem
1049 3046 1628 3135 interpretationem
1668 3041 1793 3113 dcc.

343 3417 405 3495 a)
442 3421 673 3491 Propert·
707 3420 793 3480 lib.
834 3421 914 3488 11,
951 3422 1093 3495 Eleg·
1123 3439 1259 3482 extr.
1296 3437 1476 3481 versus
1504 3422 1695 3498 finem.
