2650 3900
688 214 799 257 vm
1132 185 1371 253 ‘T113.
1431 184 1588 254 CL.
1645 181 2090 253 DONATI

682 338 901 418 cebat,
943 336 1022 402 ad
1068 334 1492 402 sustinendum
1519 356 1714 425 opus,
1753 332 1951 400 donec
1983 330 2216 399 solida:
2245 333 2447 399 culti:

677 430 1077 521 advenirent-³

794 565 881 632 X.
928 565 1217 634 Bucolica
1262 565 1533 633 triennio
1577 562 1782 634 Asinii
1821 563 2128 632 Pollionis
2171 586 2377 631 suam
2425 588 2447 654 1

674 680 865 750 fecit.
909 682 1045 749 Hic
1089 681 1587 772 Transpadanam
1633 681 2010 773 provinciam
2061 674 2383 773 regebat:

675 803 768 882 jus
823 796 1070 881 favore,
1129 821 1270 866 cum
1331 800 1639 865 veteranis
1683 796 1956 889 Augusti
2013 798 2329 870 militibus
2389 795 2447 865 C

674 914 1056 981 monensium
1111 913 1181 981 ἀ
1224 913 1718 981 Mantuanorum
1773 913 1908 1004 agri
1960 913 2447 983 distribuerent:

673 1052 813 1095 suos
853 1030 1161 1122 Virgilius
1210 1054 1331 1096 non
1376 1031 1610 1096 amisit.
1679 1028 1858 1097 Fasta
1913 1028 2082 1095 enim
2141 1028 2447 1096 distribut

673 1167 796 1227 ne,
838 1166 976 1210 suos
1019 1167 1127 1213 seu
1172 1143 1439 1213 Claudio
1495 1166 1601 1212 seu
1645 1141 1839 1212 Arrio
1899 1144 2115 1227 datm,
2182 1164 2447 1234 recupe1

672 1262 798 1327 vit.
840 1259 1039 1327 Hunc
1081 1260 1431 1331 Pollionem
1473 1262 1736 1329 maxime
1779 1261 2007 1328 amavit
2052 1259 2295 1341 Maro,
2345 1259 2447 1326 ἀι

668 1376 856 1444 ledus
901 1378 975 1445 ab
1017 1401 1095 1446 eo
1136 1401 1357 1471 magna
1397 1401 1650 1447 munera
1693 1379 1876 1445 tulit.
1918 1376 2176 1469 Qippe
2218 1377 2331 1464 qui
2359 1376 2447 1440 ini

667 1510 834 1561 tatus
872 1495 949 1562 ad
990 1518 1275 1577 coenam,
1332 1513 1548 1584 captus
1605 1493 2018 1582 pulcritudine
2075 1490 2145 1558 ἀ
2188 1492 2447 1582 diligent

668 1609 1056 1691 Alexandri,
1086 1610 1382 1676 Pollionis
1411 1609 1627 1698 pueri,
1669 1627 1807 1673 eum
1840 1609 2000 1673 douo
2030 1608 2311 1696 accepit.
2355 1607 2447 1673 H·

664 1729 763 1808 jus
821 1724 1114 1793 Pollionis
1174 1722 1361 1789 filium
1397 1772 1419 1805 ,
1481 1719 1567 1789 C.
1627 1719 1952 1805 Asinium,
2011 1720 2081 1789 &
2135 1721 2447 1791 Corneliw

663 1841 958 1922 Gallum,
1014 1859 1322 1906 oratorem
1364 1840 1595 1905 clarum
1615 1889 1637 1923 ,
1692 1836 1763 1906 δε
1810 1824 2058 1931 poetam
2103 1862 2223 1905 non
2263 1840 2447 1906 medio

663 1980 874 2039 crem,
931 1958 1088 2022 miro
1128 1976 1339 2023 amore
1405 1956 1621 2023 dilexit
1668 1956 2001 2050 Virgilius.
2059 1953 2119 2021 Is
2179 1955 2447 2022 transtuli

661 2072 1121 2162 Euphorionem
1164 2069 1229 2136 in
1274 2050 1610 2155 Latinum,
1665 2070 1736 2140 ὅτ
1798 2074 1967 2139 libris
2022 2088 2280 2162 quatuor
2318 2094 2447 2142 amo

662 2209 765 2255 res
805 2209 939 2253 suos
982 2188 1062 2253 de
1102 2186 1445 2268 Cytheride
1493 2188 1767 2279 scripsit.
1819 2187 1954 2255 Hic
2000 2188 2194 2278 primo
2232 2188 2292 2253 in
2332 2187 2448 2254 ami

618 2372 623 2378 ,
666 2303 813 2371 titia
857 2299 1128 2370 (ἱππεὶς
1168 2301 1442 2395 Augusti
1484 2302 1636 2375 suit:
1696 2323 1909 2395 postea
1971 2304 2032 2371 in
2088 2303 2447 2393 suspicionen

664 2418 1105 2502 conjurationis
1156 2435 1375 2487 contra
1439 2422 1616 2489 illum
1675 2419 1961 2489 adductus
1990 2470 2011 2502 ,
2056 2420 2267 2487 occisus
2318 2437 2407 2487 est
2445 2471 2446 2478 κ

666 2536 912 2607 Verum
957 2557 1146 2625 usque
1189 2535 1346 2605 adeo
1388 2535 1551 2604 hunc
1590 2535 1850 2605 ‘Gallum
1886 2536 2186 2627 Virgilius
2222 2554 2447 2620 amarat,

664 2669 737 2719 ut
781 2671 1030 2744 quartus
1078 2650 1577 2743 Georgicorum,
1621 2676 1656 2722 a
1701 2654 1904 2721 medio
1948 2673 2133 2742 usque
2160 2652 2228 2717 ad
2267 2649 2447 2734 finem,

660 2770 792 2850 ejus
822 2768 1058 2835 laudem
1099 2767 1451 2834 contineret
1478 2817 1496 2834 .
1540 2767 1748 2860 Qem
1777 2786 1990 2859 postea
2011 2816 2032 2849 ,
2075 2769 2302 2851 jubente
2324 2766 2447 2838 Au÷

660 2900 881 2975 gusto,
919 2883 986 2949 in
1036 2879 1292 2948 Aristaei
1339 2879 1602 2974 fabulam
1644 2886 2082 2952 commutavit.

777 2997 898 3065 XI.
940 2996 1254 3089 Georgica
1304 2999 1627 3088 septennio
1677 2998 1973 3089 Neapoli:
2021 2996 2274 3067 AEneida
2314 3005 2436 3089 par-²·

659 3114 776 3180 tim
827 3114 886 3180 in
935 3110 1177 3196 Sicilia,
1223 3113 1448 3201 partim
1490 3117 1554 3180 in
1602 3111 1945 3205 Campania
1989 3114 2278 3182 duodecim
2303 3135 2433 3181 con-

657 3227 813 3298 fecit
839 3230 1045 3297 aunis.
1082 3228 1375 3298 Bucolica
1433 3252 1511 3296 eo
1552 3251 1827 3297 successu
1874 3229 2066 3298 edidit
2092 3279 2111 3312 ‚
2156 3232 2291 3296 utin
2317 3252 2428 3298 sce-

659 3368 738 3415 na
781 3367 1027 3439 quoque
1069 3367 1184 3435 per
1225 3363 1514 3413 cantores
1582 3345 1797 3414 crebra
1841 3346 2305 3436 pronuntiatione
2337 3366 2426 3436 re7
