2650 3900
489 173 577 229 ss
867 153 1856 232 ,PROOEMIUM

480 316 547 379 in
588 308 780 379 simili
812 304 948 393 fere
984 325 1200 394 genere
1242 323 1574 388 versatur,
1623 327 1742 374 non
1787 304 1951 392 quod
1988 324 2061 372 ex
2110 309 2334 375 Hesio-

479 429 590 499 deo
616 428 874 513 petitum
906 438 1010 501 qut
1040 426 1489 509 transcriptum
1518 439 1628 489 aut
1657 422 1744 489 ad
1766 425 1899 505 ejus
1915 421 2200 507 formam
2226 439 2334 489 est

477 543 876 628 compositum
907 585 922 601 .
987 539 1192 604 Potest
1255 539 1495 623 quidem
1537 538 1772 625 aliquis
1813 541 1875 603 in
1917 559 2051 603 eam
2092 540 2328 624 opinio-

482 678 618 723 nem
662 655 919 734 adduci,
961 669 1144 738 atque
1184 656 1251 718 in
1292 675 1424 720 eam
1457 657 1599 738 jam
1646 661 1808 721 Dan.
1852 655 2174 719 Heinsium
2217 661 2327 719 In-

482 772 643 839 trod.
689 769 773 836 ad
811 769 1052 836 Hesiod.
1086 789 1137 834 c.
1159 792 1217 842 4.
1248 772 1491 835 venisse
1532 770 1712 837 video
1740 777 1774 814 ²
1789 817 1811 851 ,
1871 787 1939 834 ut
1982 785 2092 834 aut
2136 768 2326 854 quod-

480 889 623 956 dam
665 884 834 951 aliud
865 933 888 967 ‚
927 900 1037 949 aut
1079 881 1187 950 hoc
1218 933 1240 967 ‚
1282 885 1444 970 quod
1480 882 1809 967 habemus,
1874 884 2123 951 Hesiodi
2163 899 2327 971 opus

481 1002 630 1070 olim
688 999 883 1068 multo
936 998 1287 1089 locupletius
1329 997 1415 1073 ἐς·
1451 1000 1696 1086 plenius
1754 1002 2038 1067 extitisse
2098 1003 2322 1067 existi-

482 1134 639 1185 met.
684 1119 841 1202 ,Quis
882 1119 1036 1182 enim
1082 1119 1147 1180 in
1175 1114 1306 1191 tali,
1329 1120 1698 1221 argumenti·
1717 1113 2124 1196 trablatione,
2170 1136 2326 1200 qua-

483 1234 610 1309 um
644 1253 799 1298 nunc
843 1236 908 1299 in
952 1251 1019 1300 eo
1064 1232 1341 1299 videmus
1361 1279 1381 1312 ,
1425 1252 1545 1316 non
1565 1235 1826 1298 miretur
1854 1238 2177 1311 Catonem,
2218 1234 2325 1315 qua·

481 1348 647 1437 apud
700 1351 1041 1415 Ciceronem
1099 1350 1191 1412 ita
1251 1327 1528 1434 disputat
1556 1336 1588 1390 b
1606 1395 1628 1429 ,
1687 1362 1756 1412 ut
1813 1347 1892 1413 de
1946 1344 2324 1412 stercorandi

482 1463 753 1538 utilitate
796 1461 1033 1529 decium
1080 1461 1427 1528 Hesiodum
1491 1483 1571 1528 ne
1626 1462 1874 1531 verbum
1930 1460 2174 1551 quidem
2229 1457 2326 1527 fe-

484 1580 673 1663 cisse,
718 1595 1005 1665 mnoneass²
1050 1599 1187 1642 cum
1231 1577 1309 1641 de
1334 1576 1577 1645 cultura
1603 1579 1736 1669 agri
1779 1577 2331 1669 scriberetissuid

481 1711 688 1775 autem
731 1694 1051 1807 Manilium
1107 1707 1425 1778 sequutum
1493 1713 1617 1767 esse
1666 1691 2024 1781 putabimus
2069 1741 2091 1775 ,
2149 1697 2253 1779 qui
2299 1741 2324 1775 ‚

482 1813 628 1881 dum
672 1810 921 1878 Hesiodi
964 1823 1152 1895 opera
1196 1823 1453 1874 enarrat
1479 1855 1502 1891 ,
1543 1806 1713 1898 Qin
1757 1809 1944 1875 etiam
1992 1857 2015 1889 ‚
2054 1811 2253 1896 inquit
2299 1857 2324 1891 ‚

477 1926 644 1993 suris
685 1923 888 1991 cultus
931 1924 1221 2014 legesque
1261 1924 1469 1990 novati
1514 1923 1941 2013 Militiamque
1971 1923 2112 1991 soli:
2156 1925 2320 2015 quod

481 2040 674 2108 colles
704 2026 975 2107 Bacchus
1002 2055 1235 2106 amaret
1254 2087 1278 2121 ,
1318 2037 1501 2129 Qod
1529 2035 1789 2108 fecunda
1816 2040 2014 2108 Ceres
2040 2062 2320 2132 campos,

484 2155 644 2246 quod
689 2152 891 2222 Pallas
935 2172 1262 2243 utrumque
1293 2203 1314 2236 ‚
1361 2154 1580 2244 Atque
1625 2158 1863 2224 arbusta
1908 2158 2076 2248 vagis
2117 2174 2320 2223 essent

479 2271 647 2361 quod
690 2272 972 2339 adultera
1018 2270 1248 2362 pomiS,
1295 2270 1719 2364 Silvarumque
1743 2274 1925 2357 deos,
1967 2290 2320 2363 sacrataque

457 2370 770 2469 humina,
816 2386 1161 2476 Nymphas,
1206 2385 1382 2454 Pacis
1409 2411 1583 2479 opus,
1615 2412 1870 2481 magnos
1903 2405 2141 2454 naturae
2168 2410 2323 2454 con-

479 2505 574 2573 dit
617 2503 682 2571 in
728 2509 924 2571 ususc.
968 2507 1148 2590 Quo,
1192 2526 1433 2590 quase,
1489 2512 1747 2593 Operum
1802 2526 1875 2572 ac
1892 2508 2149 2570 Dierum
2180 2500 2313 2574 loco

483 2681 539 2755 a)
571 2684 674 2749 Ios.
710 2681 961 2754 Scaliger,
1008 2682 1116 2751 qui,
1144 2681 1207 2736 ad
1243 2680 1442 2735 Manilii
1478 2679 1642 2735 locum
1690 2682 1822 2736 hanc
1871 2680 2185 2736 sententiam
2229 2680 2320 2732 im-

471 2773 478 2784 *
554 2755 837 2822 probabat,
871 2760 948 2809 ita
983 2768 1156 2809 tamen
1193 2754 1246 2807 in
1281 2753 1448 2809 verbis
1466 2753 1663 2807 Manilii
1697 2752 1946 2820 haerebat,
1981 2766 2040 2807 ut
2072 2770 2192 2807 eum
2219 2751 2322 2806 for-

557 2849 610 2888 te
644 2836 836 2903 orphei
874 2828 1057 2907 E'pyoe
1095 2837 1138 2904 ᾤ’
1174 2829 1443 2902 Ἡμέρας
1480 2833 1703 2887 Hesiodo
1737 2833 2023 2887 attribuisse
2071 2833 2322 2898 conjeeia-

553 2920 665 2973 tet,
699 2910 844 2971 cuius
880 2924 1005 2961 sane
1040 2907 1197 2974 operis
1234 2907 1437 2959 initium
1474 2921 1586 2958 cum
1624 2903 1914 2958 Manilianis
1962 2905 2185 2960 versibus
2233 2902 2323 2959 ali-

471 3019 478 3026 .
554 2978 677 3044 quid
710 2982 1044 3043 coniunctum
1080 2978 1257 3032 habere
1291 2979 1516 3031 videtur.
1552 2980 1816 3031 Servatum
1854 2977 1978 3032 illud
2012 2994 2095 3033 est
2122 2997 2158 3033 a
2180 2982 2322 3036 ’Τις-

554 3062 648 3103 ηι
675 3064 881 3117 prooem.
917 3052 980 3104 ad
1020 3051 1301 3104 Hesiodum
1321 3086 1338 3103 .
1374 3051 1517 3101 Idem
1534 3052 1727 3104 Tzetza
1755 3052 1941 3119 Orphei
1976 3053 2153 3105 librum
2170 3055 2323 3105 Geor-

588 3124 776 3174 icorum
811 3122 1014 3183 laudat3
1051 3122 1136 3175 sed
1174 3138 1351 3176 versus
1387 3139 1452 3175 ex
1487 3122 1548 3175 iis
1584 3124 1832 3178 excitatos
1868 3127 1920 3178 in
1956 3121 2171 3179 Maximi
2210 3119 2324 3172 Phi-

466 3235 478 3248 ,
546 3138 744 3262 fosophi
793 3195 854 3247 de
899 3193 1239 3250 Elcffionibus
1286 3194 1507 3249 carmine
1557 3195 1726 3266 (quod
1777 3197 2031 3254 Fabricius
2082 3192 2320 3249 Biblioth.

549 3264 645 3319 Gr.
679 3264 793 3320 vol.
826 3269 986 3331 vm,
1021 3285 1069 3338 p·
1108 3284 1230 3328 415.
1268 3267 1524 3341 inseruit)
1577 3270 1791 3323 inveniri
1839 3270 1970 3323 vidit
2005 3265 2321 3332 Wesseling.

463 3377 476 3388 „
545 3337 799 3412 Bcchabil.
834 3359 881 3398 c.
922 3356 1003 3402 ¹7·
1075 3334 1136 3415 b)
1178 3342 1260 3397 De
1294 3343 1486 3400 Sene&
1524 3357 1675 3403 αις.
1746 3340 1796 3416 c)
1833 3342 2321 3408 Manil.11,19sqq·
