2650 3900
549 200 672 260 280
1075 182 1308 254 PUB.
1368 179 1876 256 VIRGILII

546 337 830 407 Invitent
871 333 1101 404 croceis
1143 333 1419 402 halantes
1462 333 1709 402 floribus
1752 331 1955 420 horti,

549 451 641 522 Et
692 471 892 523 custos
933 448 1137 518 furum
1159 466 1346 540 atque
1386 450 1588 517 avium
1613 472 1751 518 cum
1795 446 1953 518 falce
1981 448 2228 542 saligna
2285 474 2325 517 ι
2351 477 2456 521 10

544 567 1050 659 Hellespontiaci
1093 582 1302 633 servet
1349 567 1549 634 tutela
1592 564 1834 657 Priapi.
1899 625 1908 634 .

542 682 691 776 Ipse
735 683 1015 763 thymum
1059 682 1353 774 pinosque
1395 678 1599 749 ferens
1642 682 1721 749 de
1764 683 2067 750 montibus
2109 682 2265 750 altis

545 795 747 867 Tecta
791 816 952 865 serat
996 801 1126 866 late
1167 798 1400 865 circum
1420 847 1442 883 ,
1487 797 1587 865 cui
1631 796 1774 866 talia
1815 821 2014 867 curas:

545 913 691 1005 Ipse
737 914 941 982 labore
983 936 1235 983 manum
1276 914 1434 981 duro
1479 929 1680 981 terat:
1735 914 1866 1005 ipse
1908 903 2142 982 feraces

542 1028 733 1126 Figat
777 1031 965 1098 humo
1007 1033 1284 1123 plantas,
1328 1027 1396 1097 δε
1420 1030 1647 1098 amicos
1687 1029 1909 1125 irriget
1951 1031 2210 1098 imbres.
2278 1059 2360 1099 u
2378 1055 2428 1112 ς

661 1144 883 1238 Atque
902 1148 1182 1238 equidem
1199 1195 1222 1229 ,
1250 1162 1538 1216 extremo
1563 1146 1629 1211 ni
1670 1149 1794 1228 jam
1838 1147 1945 1212 sub
1971 1146 2090 1215 fine
2113 1147 2424 1215 laborum

544 1261 717 1332 Vela
760 1263 1036 1350 traham,
1076 1261 1147 1330 ἀ
1193 1259 1379 1332 terris
1434 1259 1723 1329 festinem
1770 1263 2095 1331 advertere
2120 1287 2418 1352 proram3

543 1376 828 1447 Forsitan
869 1378 979 1463 ἀ,
1036 1380 1294 1473 pingues
1337 1377 1550 1445 hortos
1590 1400 1730 1470 quae
1771 1401 1917 1445 cura
1958 1380 2204 1448 colendi

543 1493 866 1579 Oruaret,
912 1518 1235 1576 canerem,
1284 1491 1584 1585 biferique
1627 1495 1854 1564 rosaria
1896 1492 2119 1563 Paesti:

542 1609 816 1702 Qoque
859 1612 1044 1682 modo
1086 1609 1247 1701 potis
1289 1611 1633 1703 gauderent
1676 1612 1889 1679 intuba
1933 1612 2109 1699 rivis3
2277 1636 2420 1678 120

541 1717 634 1794 Et
677 1727 897 1795 virides
936 1728 1077 1818 apio
1119 1726 1314 1817 ripae,
1358 1742 1681 1816 tortusque
1724 1749 1840 1818 per
1882 1726 2130 1796 herbam

544 1838 882 1910 Cresceret
926 1844 990 1910 in
1035 1859 1318 1913 ventrem
1361 1842 1661 1910 cucumis:
1708 1831 1825 1909 nec
1859 1866 1994 1910 sera
2036 1860 2406 1912 comantem

543 1955 935 2044 Narcissum,
975 1977 1081 2027 aut
1125 1958 1270 2028 flexi
1315 1960 1638 2027 tacuissem
1695 1961 1899 2027 vimen
1943 1959 2228 2044 acanthi,

542 2068 984 2164 Pallentesque
1024 2060 1297 2141 ⁸hederas
1325 2122 1349 2156 ,
1393 2073 1464 2142 δε
1518 2092 1793 2142 amantes
1835 2076 2050 2144 littora
2094 2092 2336 2157 myrtos
2381 2120 2410 2146 s

540 2188 830 2281 Namque
857 2193 964 2258 sub
992 2186 1242 2259 ‹ffibaliae
1270 2190 1521 2258 memini
1544 2213 1646 2259 me
1669 2192 1932 2263 turribus
1957 2192 2137 2277 altis,
2265 2217 2402 2275 125

543 2306 691 2398 Qu
737 2304 916 2398 niger
960 2304 1266 2375 humeflat
1313 2305 1605 2376 flaventia
1649 2307 1819 2375 culta
1862 2308 2184 2391 Galaesus,

540 2417 880 2503 Corycium
925 2425 1141 2494 vidisse
1181 2443 1430 2492 senem:
1475 2424 1573 2491 cui
1619 2445 1808 2512 pauca
1852 2425 2046 2492 reliffl

539 2536 768 2633 Jugera
811 2540 971 2607 ruris
1011 2554 1231 2626 erant:
1278 2562 1395 2607 nec
1433 2536 1656 2607 fertilis
1697 2537 1806 2607 illa
1847 2539 2160 2623 juvencis,

541 2650 684 2725 Nec
704 2655 917 2747 pecori
941 2672 1290 2749 opportuna
1309 2638 1530 2751 seges,
1574 2678 1691 2726 nec
1717 2658 2039 2726 commoda
2081 2656 2331 2727 Baccho
2376 2707 2399 2729 .

550 2960 654 3007 109
687 2944 892 3005 olentes
927 2951 1113 3007 Franc-
1144 2958 1200 3007 ἁ
1234 2966 1371 3007 unus
1406 2949 1646 3007 Aiundel.
1719 2953 1853 3027 (ιη
1891 2952 2032 3009 tinas
2064 2953 2165 3025 legi
2198 2953 2390 3009 Philar-

618 3036 736 3089 gyr·
775 3036 951 3076 monet
967 3054 983 3072 .
1103 3021 1153 3094 (ι
1168 3024 1224 3072 18
1262 3020 1462 3079 colenti
1495 3022 1632 3078 Gud.
1666 3043 1699 3081 a
1736 3044 1809 3079 m.
1844 3042 1945 3080 sec.
1980 3023 2114 3080 forte
2146 3020 2357 3082 colentis
2376 3067 2398 3096 ‚

618 3090 794 3157 inquit
830 3096 1005 3146 Burm.
1079 3093 1203 3166 (τις
1240 3090 1718 3151 orbam-..arcis
1749 3115 1834 3166 ap.
1872 3099 2391 3161 Arusian.Messium‚

613 3163 963 3231 quodyerum
999 3180 1107 3238 esse
1143 3163 1316 3218 nullus
1350 3165 1543 3220 dubitat
1579 3169 1795 3234 Heyne.
1928 3171 2056 3243 (κισ
2089 3170 2227 3247 ρζςη
2261 3172 2388 3224 Edd.

620 3248 747 3290 vett.
780 3251 846 3289 ex
881 3243 960 3308 Jo.
994 3239 1181 3305 Scopae'
1200 3235 1545 3294 colleaaneis.
1580 3238 1815 3298 Galesm
1848 3244 2038 3314 vulgo·
2109 3245 2233 3318 (129
2268 3248 2412 3299 Νσσῑ

620 3308 805 3436 esim
838 3308 1049 3367 Salmas·
1085 3313 1275 3371 Exere.
1311 3310 1448 3370 Pliu.
1494 3329 1545 3384 p·
1584 3323 1684 3374 366
1750 3314 1960 3383 laudan
2010 3316 2264 3375 memorie
2296 3332 2385 3391 sc.

623 3392 851 3438 Vtoffl·
