2650 3900
475 184 562 240 ⁸8
853 167 1842 245 ‚PROOEMIUM

466 328 532 390 in
574 320 764 391 simili
798 316 933 404 fiere
970 339 1185 406 genere
1227 337 1523 386 versatur
1540 369 1560 400 ‚
1608 341 1727 387 non
1772 319 1938 404 quod
1972 338 2045 384 ex
2094 323 2312 388 Hesio-

465 441 575 510 deo
600 438 859 524 petitum
891 451 995 514 aut
1027 438 1474 520 transcriptum
1504 452 1612 503 aut
1642 435 1730 507 ad
1751 436 1884 517 ejus
1899 434 2185 520 formam
2211 453 2311 503 est

461 555 860 640 compositum
892 597 907 614 .
972 551 1177 616 Potest
1239 551 1479 635 quidem
1521 550 1756 637 aliquis
1798 554 1860 616 in
1902 572 2035 615 eam
2076 554 2309 638 opinio-

467 690 603 735 nem
646 667 901 746 adduci,
945 681 1128 750 atque
1168 668 1236 731 in
1278 687 1409 732 eam
1442 669 1583 749 jam
1631 675 1792 733 Dan.
1836 667 2157 733 Heinsium
2202 674 2309 732 In-

466 784 628 850 trod.
672 781 756 847 ad
795 780 1035 847 Hesiod.
1070 801 1121 846 c.
1142 804 1202 854 4.
1232 785 1476 847 venisse
1517 783 1697 851 video
1724 789 1757 826 ²
1774 830 1796 863 ,
1855 800 1923 848 ut
1967 797 2076 847 aut
2120 781 2308 867 quod·

463 900 606 967 dam
649 896 818 963 aliud
849 945 872 978 ,
911 912 1021 961 aut
1063 894 1171 962 hoc
1202 945 1224 981 ‚
1267 897 1428 982 quod
1465 894 1793 980 habemus,
1859 898 2106 964 Hesiodi
2147 912 2308 985 opus

465 1014 613 1081 olim
672 1011 867 1079 multo
919 1011 1271 1101 locupletius
1312 1009 1399 1085 ἐφ
1435 1012 1680 1098 plenius
1738 1015 2023 1081 extitisse
2082 1016 2303 1079 existi·

465 1146 621 1195 met.
668 1130 825 1214 Qis
865 1130 1020 1194 enim
1066 1131 1131 1192 in
1160 1125 1290 1203 tali,
1311 1132 1682 1234 argumenti·
1701 1125 2108 1210 trallatione,
2153 1149 2307 1213 qua·-

466 1245 594 1321 lem
628 1264 782 1309 nunc
826 1246 892 1309 in
935 1264 1003 1311 eo
1048 1244 1364 1323 videmus,
1409 1264 1529 1329 non
1549 1248 1810 1312 miretur
1838 1251 2160 1324 Catonem,
2202 1248 2306 1329 qua·

464 1360 629 1448 apud
683 1363 1024 1426 Ciceronem
1084 1362 1175 1424 ita
1235 1339 1512 1446 disputat
1539 1349 1612 1441 b,
1671 1375 1740 1426 ut
1797 1360 1875 1427 de
1931 1357 2305 1425 stercorandi

465 1473 736 1549 utilitate
779 1472 1016 1540 dodum
1063 1473 1410 1540 Hesiodum
1476 1495 1555 1540 ne
1610 1475 1857 1545 verbum
1912 1475 2159 1564 quidem
2213 1470 2306 1540 fe-

467 1591 656 1674 cisse,
702 1606 987 1677 moneat,
1032 1611 1170 1677 cum
1214 1588 1292 1654 de
1316 1588 1560 1659 cultura
1587 1591 1720 1680 agri
1763 1590 2311 1683 scriberetissuid

463 1724 671 1785 autem
714 1705 1034 1818 Maniliana
1092 1718 1407 1789 sequutum
1475 1725 1601 1772 esse
1649 1703 2006 1792 putabimus
2051 1754 2073 1787 ,
2132 1710 2237 1791 qui
2283 1753 2305 1788 ,

465 1824 611 1892 dum
656 1822 904 1888 Hesiodi
947 1835 1134 1907 opera
1181 1833 1434 1885 enarrat
1463 1867 1485 1901 ‚
1525 1817 1696 1909 Qin
1739 1819 1926 1885 etiam
1973 1867 1995 1900 ,
2036 1824 2236 1907 inquit
2282 1869 2306 1903 ‚

461 1936 627 2004 ‚ruris
670 1934 870 2002 cultus
912 1934 1203 2025 legesque
1244 1934 1451 2001 novati
1497 1915 1924 2023 Militiamque
1954 1934 2094 2002 soli:
2138 1937 2303 2026 quod

465 2051 657 2119 colles
687 2036 958 2117 Bacchus
985 2065 1218 2117 amaret
1237 2097 1261 2133 ,
1299 2048 1486 2140 Qod
1512 2046 1772 2120 fecunda
1798 2050 1996 2119 Ceres
2023 2072 2304 2142 campos,

466 2166 627 2257 quod
672 2163 874 2233 Pallas
918 2182 1244 2254 utrumque
1276 2213 1297 2247 ,
1343 2165 1563 2255 Atque
1607 2169 1845 2235 arbusta
1891 2168 2059 2259 vagis
2100 2185 2303 2236 essent

461 2282 630 2372 quod
674 2280 954 2349 adultera
1001 2281 1231 2372 pomis,
1277 2280 1702 2375 Silvarumque
1727 2285 1908 2368 deos,
1950 2301 2303 2375 sacrataque

441 2381 754 2480 humina,
798 2397 1144 2486 Nymphas,
1189 2395 1365 2465 Pacis
1391 2421 1566 2490 opus,
1597 2423 1853 2492 magnos
1886 2416 2124 2466 naturae
2152 2423 2304 2465 con-

461 2514 557 2584 dit
600 2513 665 2580 in
711 2519 907 2582 ususc.
951 2517 1131 2600 Quo,
1174 2536 1416 2601 quaezso,
1471 2522 1730 2605 Operum
1785 2538 1858 2584 ac
1875 2521 2132 2582 Dierum
2164 2513 2295 2586 loco

466 2691 522 2766 a)
554 2693 656 2759 Jos.
693 2691 943 2763 Scaliger,
991 2692 1079 2761 qui
1126 2690 1190 2746 ad
1226 2690 1425 2746 Manilii
1461 2689 1624 2747 locum
1672 2693 1805 2748 hanc
1854 2693 2168 2754 sententiam
2213 2693 2304 2744 im-

455 2785 460 2794 ·
537 2765 820 2833 probabat,
854 2770 930 2819 ita
966 2778 1139 2819 tamen
1175 2765 1228 2818 in
1264 2764 1431 2820 verbis
1448 2766 1645 2819 Manilii
1680 2764 1928 2832 herebat,
1964 2779 2023 2819 ut
2056 2782 2175 2818 eum
2202 2762 2306 2816 for-

541 2859 593 2898 te
627 2847 818 2913 Orphei
857 2837 1039 2917 E'pyoe
1078 2848 1121 2914 ὅ)
1157 2841 1426 2913 Ἡμῖραε
1462 2845 1686 2898 Hesiodo
1721 2844 2006 2899 attribuisse
2055 2844 2305 2909 conjeaa-

536 2931 648 2983 ret,
682 2920 827 2981 cujns
863 2933 988 2971 sane
1022 2918 1181 2984 operis
1216 2917 1420 2970 initium
1456 2935 1569 2969 cum
1607 2916 1897 2971 Manilianis
1945 2917 2167 2972 versibus
2215 2914 2308 2970 ali-

453 3031 460 3038 .
537 2988 659 3055 quid
693 2993 1027 3053 coniunaum
1063 2989 1240 3043 habere
1273 2990 1498 3050 videtur.
1536 2992 1799 3043 Servatum
1837 2988 1962 3043 illud
1995 3005 2079 3045 est
2106 3008 2140 3044 a
2162 2993 2307 3048 ’Τις-

537 3073 632 3115 tzav
658 3076 863 3127 prooern·
900 3061 963 3114 ad
1002 3062 1320 3114 Hesiodum.
1356 3062 1500 3113 Idem
1516 3064 1709 3116 Tzetza
1738 3063 1924 3130 Orphei
1959 3064 2135 3116 librum
2153 3067 2307 3117 Geor-

570 3134 758 3185 icarum
794 3132 996 3193 laudam
1034 3132 1119 3186 sed
1156 3149 1333 3188 versus
1371 3150 1436 3187 ex
1470 3135 1530 3187 iis
1567 3136 1816 3190 excitatos
1850 3137 1904 3188 in
1940 3133 2154 3189 Maxim‘i
2193 3131 2308 3187 Phi-

449 3247 458 3258 .
548 3202 726 3273 osophi
775 3205 836 3258 de
882 3204 1221 3260 Eleffionibus
1269 3206 1489 3261 carmine
1539 3207 1709 3278 (quod
1760 3208 2014 3264 Fabricius
2065 3203 2305 3260 Biblioth.

441 3341 448 3350 ι
532 3276 626 3329 Gr.
661 3275 775 3330 Vol.
809 3279 968 3340 vm,
1003 3296 1052 3348 p·
1090 3294 1212 3339 415.
1249 3279 1506 3352 inseruit)
1559 3281 1774 3335 inveniri
1823 3281 1953 3334 vidit
1989 3277 2305 3344 Wesseling.

447 3389 456 3398 .
525 3348 781 3422 Probabil.
815 3370 863 3407 c.
905 3366 986 3412 ¹7·
1057 3345 1118 3425 b)
1160 3353 1242 3408 De
1276 3354 1468 3410 Sene&-
1504 3368 1659 3414 αις.
1729 3351 1779 3427 c)
1817 3353 2307 3419 Man31.11,19sqq.
