2650 3900
584 201 705 264 ιω
1118 183 1356 259 PUB.
1414 183 1913 262 VIRGILII

575 340 761 433 Saepe
806 338 1025 409 Defim
1067 329 1253 410 nexi?
1279 357 1520 407 ornatae
1563 341 1881 431 torquibus
1935 358 2100 409 ὅτε.

573 456 784 550 Asper
831 456 898 524 in
940 477 1051 524 ore
1093 475 1307 547 sapor.
1353 451 1583 522 Tonsis
1626 457 1690 522 in
1737 457 1991 526 vallibus
2017 456 2195 524 illum

573 571 861 646 Pastores
889 623 913 656 ‚
953 571 1025 641 δε
1069 593 1257 640 curva
1312 572 1531 665 legunt
1581 591 1777 663 prope
1821 573 2076 641 flumina
2118 572 2406 644 Menae.

573 690 788 771 Hujus
812 689 1086 756 'odorato
1128 689 1361 757 radices
1402 689 1667 779 incoque
1723 689 2006 773 Baccho,

575 801 929 896 Pabulaque
970 807 1039 872 in
1088 802 1315 873 foribus
1357 805 1558 894 plenis
1601 805 1841 895 adpone
1882 804 2192 873 canistris.
2301 821 2452 878 280

688 917 810 989 Sed
853 922 901 987 si
943 941 1128 1014 quem
1170 921 1375 1014 proles
1411 922 1607 988 subito
1649 920 1949 989 defecerit
1989 920 2221 1005 omnis,

572 1036 747 1122 Nec,
778 1060 986 1132 ‘genus
1030 1039 1194 1106 unde
1240 1057 1417 1105 novae
1476 1037 1684 1127 stirpis
1726 1047 2095 1120 revocetur,
2141 1038 2446 1131 habebit3

570 1149 877 1245 Tempus·
895 1154 966 1222 ὅτ
1011 1151 1266 1222 Arcadii
1306 1154 1701 1222 memoranda
1746 1156 1999 1222 inventa
2044 1156 2333 1247 magistri

570 1267 895 1354 Pandere,
935 1292 1176 1363 quoque
1221 1271 1405 1338 modo
1447 1269 1618 1338 caesis
1657 1273 1782 1353 jam
1826 1293 1992 1362 saepe
2033 1272 2319 1354 juvencis

567 1384 913 1455 Insincerus
955 1383 1102 1478 ape's
1160 1386 1380 1454 tulerit
1419 1405 1637 1454 cruor.
1668 1384 1881 1455 Altius
1922 1409 2170 1455 omnem
2297 1401 2436 1473 285

568 1501 909 1595 Expediam
954 1504 1149 1595 prima
1192 1519 1484 1593 repetens
1522 1503 1595 1568 ab
1634 1502 1876 1596 origine
1929 1500 2186 1570 famam.

687 1619 848 1689 Nam
893 1641 1013 1709 qua
1065 1617 1284 1707 Pellaei
1329 1641 1482 1711 gens
1523 1616 1836 1687 fortunata
1879 1617 2124 1710 Canopi

567 1732 824 1804 Accolit
867 1735 1058 1803 effuso
1099 1753 1493 1830 stagnantem
1537 1733 1789 1802 flumine
1834 1735 2046 1805 Nilum
2070 1785 2093 1820 ,

569 1849 659 1919 Et
704 1854 936 1919 circum
982 1850 1150 1943 piffls
1193 1852 1443 1922 vehitur
1484 1874 1586 1921 sua
1631 1874 1773 1920 rura
1815 1849 2053 1942 faselis;

564 1966 834 2057 Quaque
893 1969 1271 2058 pharetratae
1314 1970 1530 2037 vicinia
1575 1967 1839 2038 Persidis
1882 1984 2105 2062 urget,
2290 1994 2435 2048 290

563 2081 655 2150 Et
700 2082 958 2150 viridem
1017 2082 1383 2177 AEgyptum
1428 2087 1605 2177 nigra
1648 2082 1963 2156 foecundat
2006 2105 2237 2168 arena,

562 2197 654 2266 Et
697 2198 934 2269 diversa
979 2222 1160 2269 ruens
1201 2218 1441 2293 septem
1485 2203 1769 2271 discurrit
1812 2203 1878 2269 in
1928 2214 2035 2269 ora

2073 2313 2306 2409 Usque

563 2449 668 2498 276
706 2436 864 2493 Forte
898 2433 1023 2493 binc
1055 2435 1204 2492 nexis·
1241 2441 1421 2491 Burm.
1458 2440 1555 2493 Est
1589 2449 1712 2492 sane
1744 2434 2262 2509 subintelligendum.

564 2516 664 2573 278
706 2512 937 2569 incurva
969 2511 1324 2583 (Poggin.,ex
1356 2507 1570 2580 curva)
1624 2512 1806 2565 Medic.
1841 2529 1874 2567 a
1922 2529 1990 2564 m.
2023 2529 2107 2583 pr.
2147 2519 2194 2565 α
2229 2514 2424 2577 probae

631 2588 811 2640 Heins·
841 2595 932 2659 per
947 2583 1198 2657 flumina
1231 2585 1404 2636 Rom-⁸
1425 2585 1561 2652 quod
1596 2583 1867 2637 admodum
1905 2584 2129 2651 placebat
2163 2583 2417 2641 Burman.

561 2661 667 2707 280
700 2669 891 2781 agone
928 2662 1084 2710 Rom.
1154 2656 1275 2730 (281
1315 2652 1429 2711 Sed
1457 2655 1509 2710 si
1541 2653 1751 2726 quidem
1787 2656 1971 2710 Medic.
2008 2664 2059 2710 dt
2085 2654 2281 2724 aliquot
2319 2658 2412 2714 alii

625 2746 711 2798 ap.
789 2731 1005 2793 ierium,
1042 2729 1184 2791 Bodl.
1224 2744 1357 2781 unus
1392 2727 1636 2781 Arundel.
1672 2737 1721 2781 ει
1757 2741 1886 2780 vett.
1903 2728 2033 2780 Edd.
2107 2728 2241 2801 (289
2270 2729 2416 2802 pba-

623 2799 786 2857 sellur
821 2803 980 2855 Cerda
1015 2801 1289 2855 secundum
1322 2801 1511 2870 lapides
1528 2839 1543 2855 .
1663 2800 1817 2874 ·(z9o
1869 2799 2055 2855 vicina
2089 2794 2414 2874 Pathyridos

625 2875 806 2927 Clerici
842 2875 1130 2937 conjestura
1149 2913 1168 2943 ,
1199 2893 1230 2928 a
1266 2874 1436 2926 Burm.
1474 2875 1595 2927 satis
1628 2874 1804 2927 acriter
1828 2873 2064 2942 explosa.
2099 2875 2299 2927 Possint
2312 2875 2413 2928 hu·-

623 2952 710 3011 jus
746 2948 942 3016 generis
976 2948 1117 3012 plura
1152 2947 1459 3008 consterni,
1495 2947 1569 2998 ait
1601 2946 1682 2998 Cl.
1722 2951 1941 3013 Heyne3
1964 2961 2038 2999 ·ut
2072 2944 2257 3001 vicina
2292 2951 2414 3004 Pa-

616 3014 864 3092 premidis·
880 3018 1019 3079 fvel
1054 3014 1356 3090 Prosopidt‘r
1373 3055 1388 3070 .
1536 3022 1659 3090 (291
1702 3017 1767 3071 In
1818 3023 2057 3074 Romano
2102 3034 2277 3074 versus
2331 3025 2409 3076 ita

577 3092 585 3101 '
621 3089 942 3157 transpositi,
978 3102 1040 3140 ut
1073 3090 1213 3142 sint:
1253 3103 1495 3163 ‚Quaque
1523 3086 1938 3162 pharetrata...
1977 3100 2053 3147 Et
2086 3087 2406 3148 diversa...

621 3164 802 3234 Usque
834 3157 1114 3214 coloratis·
1133 3198 1149 3214 .
1167 3198 1182 3213 .
1221 3170 1295 3216 Et
1333 3158 1561 3216 viridem
1593 3169 1911 3238 AEgyptum.
1949 3163 2288 3217 Medic-(iud.
2303 3165 2410 3218 duo

618 3232 877 3289 Rottend.
917 3241 965 3286 &
1001 3231 1143 3287 Leid.
1181 3233 1281 3286 duo
1315 3234 1410 3287 hos
1446 3249 1824 3304 transponunt:
1875 3243 1953 3293 Et
1988 3231 2205 3291 diversa
2237 3251 2409 3293 ruens

623 3348 638 3363 .
657 3339 705 3361 .·
741 3315 816 3364 Et
845 3303 1106 3369 viridem3
1142 3321 1304 3377 neque
1332 3308 1454 3362 hinc
1483 3312 1741 3364 sententia
1769 3297 2018 3364 afficitur.
2043 3308 2205 3364 Cerda
2219 3326 2267 3364 v·
2291 3324 2323 3359 2
2331 3326 2403 3373 91

620 3382 766 3448 plane
801 3377 1102 3436 damnabat.
1857 3400 1862 3405 ·
2225 3382 2234 3391 “
