2650 3900
672 190 1735 270 INGEORGICA.
2027 210 2111 280 ες

273 358 514 442 gnaque
568 349 973 418 admiratione
1020 348 1434 437 perfundant.
1482 354 1491 361 “
1522 350 1662 436 ,Qua
1719 349 1785 414 in
1830 365 1901 413 re
1957 347 2113 417 mihi

281 468 529 555 quidem
570 469 637 533 in
672 452 841 554 poesi
880 468 1130 533 eundem
1173 465 1373 533 locum
1420 469 1580 532 tueri
1604 464 1854 531 videtur
1870 511 1892 546 ,
1936 486 2113 550 quem

282 587 493 651 Cicero
535 585 600 649 in
623 580 1002 669 eloquentia.
1050 582 1230 649 Nam
1258 578 1540 666 &hujus
1566 583 1903 669 ingenium,
1953 579 2119 667 quod

281 702 486 788 'ipsum
523 715 641 786 per
682 720 747 765 se
789 719 907 767 non
936 697 1122 786 facile
1156 696 1456 785 praeclari
1499 696 1734 782 aliquid
1756 695 2074 783 proferret
2091 744 2119 779 ,

285 819 354 883 in
398 815 691 882 ornandis
735 813 822 891 {9⁸
863 810 1305 905 amplificandis
1348 813 1620 881 aliorum
1663 815 1933 880 inventis
1950 860 1975 895 ‚
2016 815 2117 879 in-

278 933 510 1020 primis
551 934 620 997 in
660 927 995 999 vestiendis
1042 933 1323 997 oratione
1353 933 1584 998 Latina
1625 934 1978 997 Graecorum
2019 928 2115 995 di-

285 1045 405 1121 His
436 1095 458 1128 ‚
515 1050 757 1114 eximiae
786 1045 1117 1134 felicitatis
1160 1043 1247 1121 (9·
1288 1049 1451 1112 artis
1479 1044 1613 1131 fuit
1644 1091 1661 1109 .
1747 1051 1966 1131 Itaque
2005 1041 2118 1113 hoc

286 1166 352 1231 in
387 1183 607 1251 genere
649 1160 972 1249 Virgilium
990 1208 1012 1242 ,
1051 1176 1375 1247 poetarum
1418 1163 1770 1227 Ciceronem
1810 1158 2120 1248 appellare

291 1274 746 1363 nonnunquam'
785 1274 945 1343 lubet
963 1323 981 1341 .
1064 1273 1181 1340 Illa
1225 1290 1428 1340 autem
1487 1277 1709 1362 ingenii
1765 1278 2121 1343 Maroniani

282 1397 554 1485 propria
595 1407 894 1459 venustas
936 1393 1004 1457 in
1048 1389 1205 1458 nullo
1245 1393 1382 1476 ejus
1425 1405 1604 1476 opere
1669 1393 1865 1477 magis
1903 1411 2120 1479 cogno-

294 1513 491 1576 scitur
508 1555 530 1589 ,
575 1528 760 1594 quam
787 1513 855 1574 in
870 1509 1217 1596 Georgicis,
1264 1504 1544 1577 omnibus
1574 1508 1848 1573 numeris
1875 1503 2121 1574 absolu-

291 1641 360 1692 to
388 1672 410 1706 ,
448 1621 716 1713 perfi'c‘io
760 1620 847 1700 (9⁸
889 1624 1168 1712 expolito·
1192 1627 1502 1703 carmine,
1547 1641 1655 1705 ut,
1701 1625 1761 1689 si
1806 1626 1872 1689 in
1899 1638 2126 1690 nostra

289 1743 795 1830 interpretatione
820 1737 931 1808 hoc
955 1742 1216 1809 assecuti
1256 1761 1469 1806 sumus
1486 1788 1506 1821 ,
1552 1747 1703 1826 (nos
1732 1741 1894 1807 enim
1939 1738 2009 1805 id
2029 1760 2126 1807 se-

288 1874 510 1944 quutos
559 1877 685 1924 esse
727 1876 844 1924 non
886 1862 1214 1945 negamus)
1287 1872 1357 1922 ut
1401 1876 1520 1922 non
1560 1855 1735 1923 modo
1768 1840 2129 1923 ¹'verborum

289 1996 363 2041 ac
403 1976 842 2041 sententiarum
887 1978 1018 2041 vim
1060 1973 1586 2041 declaraverimus
1604 2013 1641 2055 ,-
1681 1993 1898 2040 verum
1940 1974 2129 2040 etiam

293 2093 600 2157 carminis
633 2086 1161 2178 pulchritudinem
1212 2090 1625 2179 inprimisque
1665 2105 1953 2157 ornatum
1995 2110 2130 2156 sen-

295 2203 461 2270 sibus
503 2203 589 2280 ‹Ly-
627 2207 814 2273 oculis
855 2205 1298 2273 adolescentum
1343 2203 1772 2289 subjecerimus
1789 2252 1811 2286 ,
1858 2227 1965 2272 nos
1993 2221 2131 2291 ope-

294 2341 438 2385 ram
484 2335 761 2387 nostram
823 2340 939 2389 non
987 2325 1234 2389 omnino
1275 2321 1437 2388 male
1479 2319 1789 2389 collocasse
1842 2319 2135 2388 arbitra·
2195 2371 2199 2376 .

293 2441 423 2505 turi
465 2441 661 2506 simus
674 2484 693 2501 .
827 2443 832 2450 '
1241 2507 1247 2514 ,
1310 2451 1316 2459 ·

339 2563 348 2572 ‘
408 2560 507 2620 Ex
552 2556 639 2617 iis
684 2603 705 2636 ‚
778 2576 914 2641 quae
957 2550 1146 2620 adbuc
1188 2555 1509 2643 disputata
1548 2570 1694 2621 sunt
1743 2602 1769 2636 ,
1841 2568 2135 2641 nuperum

296 2689 615 2736 censuram
657 2672 1093 2760 Georgicorum
1113 2717 1135 2753 ‚
1181 2692 1366 2759 quam
1405 2668 1760 2736 Eamundus
1788 2673 2139 2751 Burtonus,

301 2789 649 2854 Britannus
694 2809 815 2855 non
845 2783 1120 2856 indoctus
1138 2835 1158 2868 ‚
1205 2810 1309 2855 nec
1354 2783 1653 2874 inelegans
1676 2834 1698 2868 ,
1734 2786 2059 2874 proposuit
2077 2793 2141 2868 ⁸,

295 2897 378 2966 ab
409 2901 640 2983 jndicio
673 2918 900 2989 parum
945 2901 1166 2970 subtili
1212 2901 1299 2980 <192
1325 2903 1539 2970 limato
1574 2900 1917 2991 profeblam
1948 2885 2138 2987 facile

296 3013 549 3097 videas,
592 3016 733 3083 dum
774 3018 928 3088 hanc
955 3023 1157 3105 ipsam
1199 3026 1477 3109 copiam,
1520 3017 1674 3087 hunc
1700 3035 1988 3087 ornatum
2039 3039 2155 3102 re·-

297 3152 436 3198 rum
477 3134 747 3200 tenuium
777 3131 1123 3210 &exilium
1165 3139 1254 3205 ad
1279 3130 1802 3224 reprehensionem
1845 3137 2143 3204 carminis

298 3394 354 3469 a)
390 3395 627 3454 Ancient
640 3394 938 3455 characters
948 3395 1337 3476 dedac'dftom
1359 3397 1613 3460 classical
1624 3397 1880 3476 Romaim
1899 3414 1956 3459 tc
1967 3408 2023 3459 63
2034 3434 2052 3465 ‚
2070 3397 2118 3446 ⁸·
